<record><leader>00000cas a22000007a 4500</leader><controlfield tag="001">12130062</controlfield><controlfield tag="008">850607d19071954wiuwr ne      0    0eng d</controlfield><datafield ind1=" " ind2=" " tag="010"><subfield code="a">sn 85040785 </subfield></datafield><datafield ind1=" " ind2=" " tag="040"><subfield code="a">NPV</subfield><subfield code="b">eng</subfield><subfield code="c">NPV</subfield><subfield code="d">OCLCQ</subfield></datafield><datafield ind1=" " ind2=" " tag="042"><subfield code="a">msc</subfield></datafield><datafield ind1=" " ind2=" " tag="045"><subfield code="a">x0x5</subfield></datafield><datafield ind1=" " ind2=" " tag="052"><subfield code="a">4123</subfield><subfield code="b">W4</subfield></datafield><datafield ind1="0" ind2="0" tag="245"><subfield code="a">West Bend pilot.</subfield></datafield><datafield ind1=" " ind2=" " tag="260"><subfield code="a">West Bend, Wis. :</subfield><subfield code="b">H.B. Kaempfer,</subfield><subfield code="c">1907-1954.</subfield></datafield><datafield ind1=" " ind2=" " tag="300"><subfield code="a">49 v. :</subfield><subfield code="b">ill.</subfield></datafield><datafield ind1=" " ind2=" " tag="310"><subfield code="a">Weekly</subfield></datafield><datafield ind1="0" ind2=" " tag="362"><subfield code="a">Vol. 16, no. 1 (Feb. 6, 1907)-v. 64, no. 26 (June 30, 1954).</subfield></datafield><datafield ind1=" " ind2=" " tag="500"><subfield code="a">Publisher varies.</subfield></datafield><datafield ind1=" " ind2=" " tag="500"><subfield code="a">Editors: H.B. Kaempfer, Feb. 6, 1907-Nov. 16, 1922; G. Bechwar, Nov. 23, 1922-Nov. 3, 1927; H.B. Kaempfer, Nov. 10, 1927-Dec. 27, 1934; H.B. Kaempfer &amp; Son, Jan. 3, 1935-Sept. 27, 1945; H.C. Kaempfer, Oct. 4, 1945-Feb. 24, 1949; A.J. Laack, March 16, 1950-Sept. 12, 1951; P.L. Mueller, Sept. 19, 1951-June 30, 1954.</subfield></datafield><datafield ind1=" " ind2=" " tag="530"><subfield code="a">Available on microfilm from The State Historical Society of Wisconsin.</subfield></datafield><datafield ind1=" " ind2=" " tag="752"><subfield code="a">United States</subfield><subfield code="b">Wisconsin</subfield><subfield code="c">Washington</subfield><subfield code="d">West Bend.</subfield></datafield><datafield ind1="0" ind2="0" tag="780"><subfield code="t">Washington County pilot</subfield><subfield code="w">(DLC)sn 85040786</subfield></datafield><datafield ind1="0" ind2="4" tag="785"><subfield code="t">West Bend news (West Bend, Wis. : 1903)</subfield><subfield code="w">(DLC)sn 86086486</subfield></datafield><datafield ind1="1" ind2=" " tag="029"><subfield code="a">AU@</subfield><subfield code="b">000025805363</subfield></datafield></record>